%%%%%%%%%%%%%%%%%%%%%%%%%%%%%%%%%%%%%%%%%%%%%%%%%%%%%%%%%%%%%%%%%%%%%%\

% pokud nechcem aby nam to zmensovalo pismenka v nazvech titulu, 
% tak to obklopit chlupatejma zavorkama

@misc{jetbrains_survey,
  author = {JetBrains},
  title = {\emph{Python Developers Survey 2020 Results}},
  howpublished = {[online]},
  year = {2020},
  note = {[cit.~2021-05-08] Dostupn√© z: \url{https://www.jetbrains.com/lp/python-developers-survey-2020/}}
}
